@misc{Geant4,
      title = "{G}eant4 website",
      howpublished = "\url{http://geant4.cern.ch}",
}

@misc{HepMC,
      title = "{H}ep{MC} {E}vent {R}ecord website",
      howpublished = "\url{http://lcgapp.cern.ch/project/simu/HepMC/}",
}

@misc{Pythia,
      title = "{P}ythia website",
      howpublished = "\url{http://home.thep.lu.se/~torbjorn/Pythia.html}",
}

@misc{MAD-X,
      title = "{MAD-X} website",
      howpublished = "\url{http://madx.web.cern.ch/madx/}",
}

@misc{RHIC,
      title = "{RHIC} accelerator website",
      howpublished = "\url{http://bnl.gov/rhic/}",
}

@misc{STAR,
      title = "{STAR} experiment website",
      howpublished = "\url{http://www.star.bnl.gov}",
}

@misc{BNL,
      title = "{B}rookhaven {N}ational {L}aboratory website",
      howpublished = "\url{http://www.bnl.gov}",
}

@misc{PHOBOS,
      title = "{PHOBOS} experiment website",
      howpublished = "\url{http://www.phobos.bnl.gov/}",
}

@misc{BRAHMS,
      title = "{BRAHMS} experiment website",
      howpublished = "\url{http://www4.rcf.bnl.gov/brahms/WWW/brahms.html}",
}

@misc{PHENIX,
      title = "{PHENIX} experiment website",
      howpublished = "\url{https://www.phenix.bnl.gov/}",
}

@misc{PP2PP,
      title = "$pp2pp$ experiment website",
      howpublished = "\url{http://www.rhic.bnl.gov/pp2pp/}",
}

@article{PP2PP2,
      author         = "Bultmann, S. and Chen, W. and Chiang, I.H. and Chrien,
                        R.E. and Drees, A. and others",
      title          = "{The PP2PP experiment at RHIC: Silicon detectors
                        installed in Roman Pots for forward proton detection close
                        to the beam}",
      journal        = "Nucl.Instrum.Meth.",
      volume         = "A535",
      pages          = "415-420",
      doi            = "10.1016/j.nima.2004.07.162",
      year           = "2004",
      SLACcitation   = "%%CITATION = NUIMA,A535,415;%%",
}

@article{STAR2,
      author         = "Ackermann, K.H. and others",
      title          = "{STAR detector overview}",
      collaboration  = "STAR",
      journal        = "Nucl.Instrum.Meth.",
      volume         = "A499",
      pages          = "624-632",
      doi            = "10.1016/S0168-9002(02)01960-5",
      year           = "2003",
      SLACcitation   = "%%CITATION = NUIMA,A499,624;%%",
}

@book{barone,
      author         = "Barone, Vincenzo and Predazzi, Enrico",
      title          = "{High-Energy Particle Diffraction}",
      publisher      = "Springer-Verlag",
      address        = "Berlin Heidelberg",
      year           = "2002",
      url            = "http://www-spires.fnal.gov/spires/find/books/www?cl=QC794.6.C6B37::2002",
      volume         = "v.565",
      series         = "Texts and Monographs in Physics",
      ISBN           = "3540421076",
      SLACcitation   = "%%CITATION = INSPIRE-588021;%%"
}

@book{pomeronAndQCD,
      author         = "Donnachie, S. and Dosch, Hans Gunter and Nachtmann, O.
                        and Landshoff, P.",
      title          = "{Pomeron physics and QCD}",
      journal        = "Camb. Monogr. Part. Phys. Nucl. Phys. Cosmol.",
      volume         = "19",
      year           = "2002",
      pages          = "1-347",
      SLACcitation   = "%%CITATION = CMPCE,19,1;%%"
}


@book{IntroductionToRegge,
      author         = "Collins, P. D. B.",
      title          = "{An Introduction to Regge Theory and High-Energy
                        Physics}",
      publisher      = "Cambridge Univ. Press",
      address        = "Cambridge, UK",
      year           = "2009",
      url            = "http://www-spires.fnal.gov/spires/find/books/www?cl=QC793.3.R4C695",
      series         = "Cambridge Monographs on Mathematical Physics",
      ISBN           = "9780521110358",
      SLACcitation   = "%%CITATION = INSPIRE-127083;%%"
}


@article{LSmodel,
      author         = "Lebiedowicz, P. and Szczurek, A.",
      title          = "{Exclusive $pp \to pp \pi^{+}\pi^{-}$ reaction: From the
                        threshold to LHC}",
      journal        = "Phys. Rev.",
      volume         = "D81",
      year           = "2010",
      pages          = "036003",
      doi            = "10.1103/PhysRevD.81.036003",
      eprint         = "0912.0190",
      archivePrefix  = "arXiv",
      primaryClass   = "hep-ph",
      SLACcitation   = "%%CITATION = ARXIV:0912.0190;%%"
}

@article{LSmodel2,
      author         = "Lebiedowicz, Piotr and Nachtmann, Otto and Szczurek,
                        Antoni",
      title          = "{Central exclusive diffractive production of
                        $\pi^{+}\pi^{-}$ continuum, scalar and tensor resonances
                        in $pp$ and $p \bar{p}$ scattering within tensor pomeron
                        approach}",
      journal        = "Phys. Rev.",
      volume         = "D93",
      year           = "2016",
      number         = "5",
      pages          = "054015",
      doi            = "10.1103/PhysRevD.93.054015",
      eprint         = "1601.04537",
      archivePrefix  = "arXiv",
      primaryClass   = "hep-ph",
      SLACcitation   = "%%CITATION = ARXIV:1601.04537;%%"
}



@article{Schicker,
      author         = "Fiore, R. and Jenkovszky, L. and Schicker, R.",
      title          = "{Resonance production in Pomeronâ€“Pomeron collisions at
                        the LHC}",
      journal        = "Eur. Phys. J.",
      volume         = "C76",
      year           = "2016",
      number         = "1",
      pages          = "38",
      doi            = "10.1140/epjc/s10052-015-3846-2",
      eprint         = "1512.04977",
      archivePrefix  = "arXiv",
      primaryClass   = "hep-ph",
      SLACcitation   = "%%CITATION = ARXIV:1512.04977;%%"
}



@article{DurhamModel,
      author         = "Harland-Lang, L. A. and Khoze, V. A. and Ryskin, M. G.",
      title          = "{Modelling exclusive meson pair production at hadron
                        colliders}",
      journal        = "Eur. Phys. J.",
      volume         = "C74",
      year           = "2014",
      pages          = "2848",
      doi            = "10.1140/epjc/s10052-014-2848-9",
      eprint         = "1312.4553",
      archivePrefix  = "arXiv",
      primaryClass   = "hep-ph",
      reportNumber   = "IPPP-13-102, DCPT-13-204",
      SLACcitation   = "%%CITATION = ARXIV:1312.4553;%%"
}


@article{DPtFilter,
      author         = "Close, Frank E. and Kirk, Andrew",
      title          = "{A Glueball - q anti-q filter in central hadron
                        production}",
      journal        = "Phys. Lett.",
      volume         = "B397",
      year           = "1997",
      pages          = "333-338",
      doi            = "10.1016/S0370-2693(97)00222-0",
      eprint         = "hep-ph/9701222",
      archivePrefix  = "arXiv",
      primaryClass   = "hep-ph",
      reportNumber   = "RAL-96-101, BHAM-HEP-96-05",
      SLACcitation   = "%%CITATION = HEP-PH/9701222;%%"
}


@misc{Luminosity,
      howpublished = "\url{http://www.star.bnl.gov/protected/common/common2015/trigger2015/lumipp200GeV/}",
}

@misc{onlineRpTriggersMonitoring,
      howpublished = "\url{https://online.star.bnl.gov/rp/pp200/}",
}

@misc{RunLog,
      howpublished = "\url{https://online.star.bnl.gov/RunLogRun15/}",
}

@misc{AnalysisCodeRepo,
      howpublished = "\url{https://github.com/rafalsikora/CEP-STAR}",
}

@misc{PicoDstDescription,
      author    = "Adamczyk, L.",
      howpublished = "\url{https://drupal.star.bnl.gov/STAR/system/files/talk_42.pdf}",
      year     = "2016",
      month    = "March",
}

@misc{ProductionList,
      howpublished = "\url{http://www.star.bnl.gov/public/comp/prod/DataSummary.html}",
}

@misc{RevertexingProposal,
      howpublished = "\url{https://drupal.star.bnl.gov/STAR/event/2017/09/27/software-and-computing-meeting/revertexing-2015-rp-stream}",
}

@misc{Labeling,
    author    = "Sikora, R.",
    title     = "{Naming convention and layout of the Roman Pot Phase II* subsystem in the STAR experiment}",
    howpublished = "\url{https://drupal.star.bnl.gov/STAR/system/files/RomanPotNomenclature_0.pdf}",
    year     = "2014",
    month    = "October",
}


@misc{RpTriggers,
    author    = "Alekseev, I. and Lee, J. H.",
    title     = "{Trigger Definitions for RP phase-II* for Run15}",
    howpublished = "\url{https://drupal.star.bnl.gov/STAR/system/files/trigger_updated_run15_v2.doc}",
    year     = "2014",
    month    = "December",
}


@misc{RpTriggers2,
    author    = "Alekseev, I.",
    title     = "{Trigger with Roman Pots Phase II*}",
    howpublished = "\url{https://drupal.star.bnl.gov/STAR/system/files/trigger4RP2_v2.pdf}",
    year     = "2014",
    month    = "December",
}

@article{AlternativeToCrystallBall,
      author         = "Das, Souvik",
      title          = "{A simple alternative to the Crystal Ball function}",
      year           = "2016",
      eprint         = "1603.08591",
      archivePrefix  = "arXiv",
      primaryClass   = "hep-ex",
      SLACcitation   = "%%CITATION = ARXIV:1603.08591;%%"
}


@article{A_N,
      author         = "Adamczyk, L. and others",
      title          = "{Single Spin Asymmetry $A_N$ in Polarized Proton-Proton
                        Elastic Scattering at $\sqrt{s}=200$ GeV}",
      collaboration  = "STAR",
      journal        = "Phys.Lett.",
      volume         = "B719",
      pages          = "62-69",
      doi            = "10.1016/j.physletb.2013.01.014",
      year           = "2013",
      eprint         = "1206.1928",
      archivePrefix  = "arXiv",
      primaryClass   = "nucl-ex",
      SLACcitation   = "%%CITATION = ARXIV:1206.1928;%%",
}

@mastersthesis{Obrebski,
    author    = "T. Obrebski",
    title     = "Measurement of the nuclear slope parameter in {STAR} experiment at {RHIC}",
    school    = "Warsaw University of Technology",
    type      = "{Master Thesis}",
    year      = "2013",
}

@mastersthesis{Sikora,
    author    = "R. Sikora",
    title     = "Elastic proton-proton scattering in the {STAR} experiment at {RHIC}",
    school    = "AGH University of Science and Technology",
    type      = "{Bachelor Thesis}",
    year      = "2013",
}

@mastersthesis{Fulek,
    author    = "L. Fulek",
    title     = "Transport of particles through the {RHIC} accelerator magnet system",
    school    = "AGH University of Science and Technology",
    type      = "{Bachelor Thesis}",
    year      = "2013",
    note      = "Polish edition",
}

@misc{A_N_note,
    author    = "K. Yip and J.H. Lee",
    title     = "{A}nalysis {N}ote for the {S}ingle {T}ransverse-{S}pin {A}symmetries (${A}_{N}$) in elastic p+p collisions at $\sqrt{s}=200~\text{GeV}$",
    howpublished = "Unpublished",
    year     = "2012",
    month    = "February",
}

@misc{Donika,
    author    = "D. Plyku",
    title     = "{T}echnical {N}ote on {S}urvey {A}lignment of the {S}ilicon {S}trip {D}etectors used in the {R}oman {P}ots at {STAR} during {RHIC} 2009 {R}un",
    howpublished = "Unpublished",
    year     = "2012",
    month    = "February",
}

@misc{LocalAlignment,
    author    = "I. Alekseev and L. Koroleva and B. Morozov and D. Svirida",
    title     = "{R}oman pots alignment at run 2009",
    howpublished = "Unpublished",
    year     = "2011",
    month    = "July",
}

@misc{GlobalAlignment,
    author    = "W. Guryn",
    title     = "{C}orrection to the {L}ocal {A}lignment",
    howpublished = "Unpublished",
    year     = "2011",
}

@manual{Hamamatsu,
  title        = "{H}amamatsu {R}647 {T}echnical {D}ata {S}heet",
  organization = "{H}amamatsu {P}hotonics {K}.{K}.",
  address      = "1126 {I}chino-cho, {H}amamatsu {C}ity, {J}apan",
}

@manual{Bicron,
  title        = "{BC}-400/{BC}-404/{BC}-408/{BC}-412/{BC}-416 {P}remium {P}lastic {S}cintillators",
  organization = "{S}aint-{G}obain {I}ndustrial {C}eramics",
  address      = "12345 {K}insman {R}oad, {N}ewbury, {O}hio 44065, {USA}",
}

@misc{normalizationNote,
    author    = "J. Dunlop and J. Gans and C. Gagliardi and P. Jacobs and J. Klay",
    title     = "p+p normalization and the systematic uncertainty of $\text{R}_{AA}(p_{\text{T}})$",
    howpublished = "Unpublished",
    year     = "2003",
    month    = "April",
}

@misc{slewingPresentation,
    author    = "R. Sikora",
    title     = "Time-of-fight corrections on pp2pp 2009 data - UPDATE",
    howpublished = "Unpublished",
    year     = "2013",
    month    = "May",
    note     = "Presentation at working group meeting"
}

@article{WCM,
      author         = "Cameron, P.R. and Lee, R.C. and Shea, T.J. and van
                        Zeijts, J. and Barsotti, E. and others",
      title          = "{The RHIC wall current monitor system}",
      pages          = "2146-2148",
      year           = "1999",
      journal        = "Proceedings of the Particle Accelerator Conference",
      SLACcitation   = "%%CITATION = INSPIRE-517261;%%",
}

@article{Tyvek,
      author         = "Nozka, Libor and Pech, Miroslav and Hiklova, Helena and
                        Mandat, Dusan and Hrabovsky, Miroslav and others",
      title          = "{BRDF profile of Tyvek and its implementation in the
                        Geant4 simulation toolkit}",
      journal        = "Opt.Express",
      volume         = "19",
      pages          = "4199-4209",
      doi            = "10.1364/OE.19.004199",
      year           = "2011",
      SLACcitation   = "%%CITATION = OPEXF,19,4199;%%",
}

@article{BBC,
      author         = "Whitten, C.A.",
      title          = "{The beam-beam counter: A local polarimeter at STAR}",
      collaboration  = "STAR",
      journal        = "AIP Conf.Proc.",
      volume         = "980",
      pages          = "390-396",
      doi            = "10.1063/1.2888113",
      year           = "2008",
      SLACcitation   = "%%CITATION = APCPC,980,390;%%",
}

@article{BeamOptics,
      author         = "Pile, P.H. and Tepikian, S. and Yip, K. and Guryn, W. and
                        Lee, J.H.",
      title          = "{Beam Optics and the pp2pp Setup of the STAR Experiment
                        at RHIC}",
      journal        = "Conf.Proc.",
      volume         = "C1205201",
      pages          = "1311-1313",
      year           = "2012",
      reportNumber   = "IPAC-2012-TUPPC060",
      SLACcitation   = "%%CITATION = CONFP,C1205201,1311;%%",
}


@article{BvsS,
      author         = "Okorokov, V.A.",
      title          = "{Diffraction slopes for elastic proton-proton and
                        proton-antiproton scattering}",
      year           = "2008",
      eprint         = "0811.0895",
      archivePrefix  = "arXiv",
      primaryClass   = "hep-ph",
      SLACcitation   = "%%CITATION = ARXIV:0811.0895;%%",
}

@article{TotalCS,
      author         = "Donnachie, A. and Landshoff, P.V.",
      title          = "{Total cross-sections}",
      journal        = "Phys.Lett.",
      volume         = "B296",
      pages          = "227-232",
      doi            = "10.1016/0370-2693(92)90832-O",
      year           = "1992",
      eprint         = "hep-ph/9209205",
      archivePrefix  = "arXiv",
      primaryClass   = "hep-ph",
      reportNumber   = "CERN-TH-6635-92",
      SLACcitation   = "%%CITATION = HEP-PH/9209205;%%",
}

@article{rho,
      author         = "Augier, C. and others",
      title          = "{Predictions on the total cross-section and real part at
                        LHC and SSC}",
      collaboration  = "UA4/2",
      journal        = "Phys.Lett.",
      volume         = "B315",
      pages          = "503-506",
      doi            = "10.1016/0370-2693(93)91647-6",
      year           = "1993",
      reportNumber   = "CERN-PPE-93-121",
      SLACcitation   = "%%CITATION = PHLTA,B315,503;%%",
}

@article{elasticSlopeRHIC,
      author         = "Bueltmann, Stephen L. and Chiang, I.H. and Chrien, R.E.
                        and Drees, A. and Gill, R.L. and others",
      title          = "{First measurement of proton proton elastic scattering at
                        RHIC}",
      journal        = "Phys.Lett.",
      volume         = "B579",
      pages          = "245-250",
      doi            = "10.1016/j.physletb.2003.11.023",
      year           = "2004",
      eprint         = "nucl-ex/0305012",
      archivePrefix  = "arXiv",
      primaryClass   = "nucl-ex",
      SLACcitation   = "%%CITATION = NUCL-EX/0305012;%%",
}


@misc{supplementaryNote,
    author    = "Adamczyk, Leszek and Fulek, Lukasz and Sikora, Rafal",
    title     = "{Supplementary note on diffractive analyses of 2015 proton-proton data}",
    howpublished = "\url{https://drupal.star.bnl.gov/STAR/starnotes/private/psn0732}",
    year     = "2019",
    month    = "July",
}

@misc{elasticNote,
    author    = "Guryn, Wlodek and Pawlik, Bogdan",
    title     = "{Results on Total and Elastic Cross Sections in Proton-Proton Collisions at $\sqrt{s}=200$~GeV}",
    howpublished = "\url{https://drupal.star.bnl.gov/STAR/starnotes/private/psn0730}",
    year     = "2019",
    month    = "August",
}

@techreport{vanderMeer,
      author        = "van der Meer, S",
      title         = "{Calibration of the effective beam height in the ISR}",
      institution   = "CERN",
      address       = "Geneva",
      number        = "CERN-ISR-PO-68-31. ISR-PO-68-31",
      year          = "1968",
      url           = "https://cds.cern.ch/record/296752",
}

@misc{lumiNote,
    author    = "Drees, Angelika",
    title     = "{Effective ZDC cross section measurement during a dedicated STAR elastic scattering physics store in Run15}",
    howpublished = "\url{https://drupal.star.bnl.gov/STAR/system/files/userfiles/265/AngelikaLuminosityRun15(1).pdf}",
    year     = "2019",
    month    = "November",
}

@article{GenEx,
      author         = "Kycia, R. A. and Chwastowski, J. and Staszewski, R. and
                        Turnau, J.",
      title          = "{GenEx: A simple generator structure for exclusive
                        processes in high energy collisions}",
      journal        = "Commun. Comput. Phys.",
      volume         = "24",
      year           = "2018",
      number         = "3",
      pages          = "860-884",
      doi            = "10.4208/cicp.OA-2017-0105",
      eprint         = "1411.6035",
      archivePrefix  = "arXiv",
      primaryClass   = "hep-ph",
      SLACcitation   = "%%CITATION = ARXIV:1411.6035;%%"
}

@article{Bichsel,
      author         = "Bichsel, H.",
      title          = "{A method to improve tracking and particle identification
                        in TPCs and silicon detectors}",
      journal        = "Nucl. Instrum. Meth.",
      volume         = "A562",
      year           = "2006",
      pages          = "154-197",
      doi            = "10.1016/j.nima.2006.03.009",
      SLACcitation   = "%%CITATION = NUIMA,A562,154;%%"
}

@misc{run15Overview,
    title     = "{RHIC Run 15 Overview}",
    howpublished = "\url{http://www.agsrhichome.bnl.gov/RHIC/Runs/index.html#Run-15}"
}


@article{LSModelKK,
      author = "Lebiedowicz, P. and Szczurek, A.",
      title  = "{$pp \to pp K^{+}K^{-}$ reaction at high energies}",
      doi = "10.1103/PhysRevD.85.014026",
      journal = "Phys. Rev.",
      volume = "D85",
      year = "2012",
      pages = "014026"
}

@article{LSAbsorption,
      author = "Lebiedowicz, P. and Szczurek, A.",
      title  = "{Revised model of absorption corrections for the $pp \to pp \pi^{+} \pi^{-}$ process}",
      doi = "10.1103/PhysRevD.92.054001",
      journal = "Phys. Rev.",
      volume = "D92",
      year = "2015",
      pages = "054001"
}

@article{mbr_pythia8,
      author = "Ciesielski, R. and Goulianos, K.",
      title  = "{MBR Monte Carlo Simulation in PYTHIA8}",
      eprint         = "1205.1446",
      archivePrefix  = "arXiv",
      primaryClass   = "hep-ph"
}

@article{pythia8,
      author = "Sjostrand, T. and Mrenna, S. and Skands, P.",
      title  = "{A Brief Introduction to PYTHIA 8.1}",
      doi = "10.1016/j.cpc.2008.01.036",
      journal = "Comp. Phys. Commun.",
      volume = "178",
      year = "2008",
      pages = "852"
}

@article{harland_lang_1,
      author         = "Harland-Lang, L. A. and Khoze, V. A. and Ryskin, M. G. and Stirling, W. J.",
      title          = "{The Phenomenology of Central Exclusive Production at Hadron Colliders}",
      journal        = "Eur. Phys. J.",
      volume         = "C72",
      year           = "2012",
      pages          = "2110",
      doi            = "10.1140/epjc/s10052-012-2110-2",
      eprint         = "1204.4803",
      archivePrefix  = "arXiv",
      primaryClass   = "hep-ph"
}


@ARTICLE{Minuit2,
author={M. {Hatlo} and F. {James} and P. {Mato} and L. {Moneta} and M. {Winkler} and A. {Zsenei}},
journal={IEEE Transactions on Nuclear Science},
title={Developments of mathematical software libraries for the LHC experiments},
year={2005},
volume={52},
number={6},
pages={2818-2822},
doi={10.1109/TNS.2005.860152},
ISSN={},
month={Dec}}

@article{ROOT,
title = "ROOT â€” An object oriented data analysis framework",
journal = "Nuclear Instruments and Methods in Physics Research Section A: Accelerators, Spectrometers, Detectors and Associated Equipment",
volume = "389",
number = "1",
pages = "81 - 86",
year = "1997",
note = "New Computing Techniques in Physics Research V",
issn = "0168-9002",
doi = "https://doi.org/10.1016/S0168-9002(97)00048-X",
url = "http://www.sciencedirect.com/science/article/pii/S016890029700048X",
author = "Rene Brun and Fons Rademakers"
}

@article{BarrierFactors,
  title = "Centrifugal-Barrier Effects in Resonance Partial Decay Widths, Shapes, and Production Amplitudes",
  author = "von Hippel, Frank and Quigg, C.",
  journal = "Phys. Rev. D",
  volume = "5",
  issue = "3",
  pages = "624 - 638",
  numpages = "0",
  year = "1972",
  month = "Feb",
  publisher = "American Physical Society",
  doi = "10.1103/PhysRevD.5.624",
  url = "https://link.aps.org/doi/10.1103/PhysRevD.5.624"
}

@article{Flatte,
title = "{Coupled-channel analysis of the $\pi\eta$ and $K\bar{K}$ systems near $K\bar{K}$ threshold}",
journal = "Physics Letters B",
volume = "63",
number = "2",
pages = "224 - 227",
year = "1976",
issn = "0370-2693",
doi = "https://doi.org/10.1016/0370-2693(76)90654-7",
url = "http://www.sciencedirect.com/science/article/pii/0370269376906547",
author = "S.M. FlattÃ©"
}

@article{BES_JPsi,
title = "{Resonances in $J/\psi\rightarrow\phi\pi^{+}\pi^{-}$ and $\phi K^{+}K^{-}$}",
journal = "Physics Letters B",
volume = "607",
number = "3",
pages = "243 - 253",
year = "2005",
issn = "0370-2693",
doi = "https://doi.org/10.1016/j.physletb.2004.12.041",
url = "http://www.sciencedirect.com/science/article/pii/S0370269304017265",
author = "Ablikim, M. and others"
}

@article{WA102,
title = "Experimental evidence for a vector-like behaviour of Pomeron exchange",
journal = "Physics Letters B",
volume = "467",
number = "1",
pages = "165 - 170",
year = "1999",
issn = "0370-2693",
doi = "https://doi.org/10.1016/S0370-2693(99)01186-7",
url = "http://www.sciencedirect.com/science/article/pii/S0370269399011867",
author = "Barberis, D. and others"
}

@article{pdg,
      author         = "Tanabashi, M. and others",
      title          = "{Review of Particle Physics}",
      collaboration  = "Particle Data Group",
      journal        = "Phys. Rev.",
      volume         = "D98",
      year           = "2018",
      number         = "3",
      pages          = "030001",
      doi            = "10.1103/PhysRevD.98.030001",
      SLACcitation   = "%%CITATION = PHRVA,D98,030001;%%"
}
% 
\bibitem{schiecker} R. Fiore, L. Jenkovszky, R. Schicker, {\it Exclusive diffractive resonance production in proton-proton collisions at high energies}, \href{https://doi.org/10.1140/epjc/s10052-018-5907-9}{Eur. Phys.J. C78 (2018) 468}.
%
\bibitem{lebiedowicz_3} P. Lebiedowicz, O. Nachtmann, A. Szczurek, {\it Extracting the pomeron-pomeron-$f_2(1270)$ coupling in the $pp\to pp\pi^+\pi^-$ reaction through angular distributions of the pions}, \href{http://arxiv.org/pdf/1901.07788.pdf}{arXiv:1901.07788} [hep-ph].
%
\bibitem{lebiedowicz_4} P. Lebiedowicz, O. Nachtmann, A. Szczurek, {\it  	
Towards a complete study of central exclusive production of $K^+K^-$
pairs in proton-proton collisions within the tensor Pomeron approach}, 
\href{http://arxiv.org/abs/arXiv:1804.04706}{arXiv:1804.04706} [hep-ph],
\href{https://doi.org/10.1103/PhysRevD.98.014001}{Phys.Rev. D98 (2018) 014001}.
%
\bibitem{lebiedowicz_5} P. Lebiedowicz, O. Nachtmann, A. Szczurek, {\it  
Central exclusive diffractive production of $p\bar{p}$ pairs in proton-proton collisions at high energies},
\href{http://arxiv.org/abs/arXiv:1801.03902}{arXiv:1801.03902} [hep-ph],
\href{https://doi.org/10.1103/PhysRevD.97.094027}{Phys.Rev. D97 (2018) no.9, 094027}
